@inproceedings{1936-7-on-computable-numbers,
  title={{On computable numbers, with an application to the}
          {Entscheidungsproblem}},
  author={Turing, Alan Mathison},
  booktitle={{Proceedings} of {The} {London} {Mathematical} {Society}},
  volume={42},
  number={2},
  pages={230--265},
  year={1936-7},
  note={{Reprinted} in {Belgium} in 1936 for {The} {London} {Mathematical}
        {Society}}
}

@book{2011-modern-computer-arithmetic,
  title={{Modern} {Computer} {Arithmetic}},
  author={Brent, Richard P and Zimmermann, Paul},
  volume={18},
  year={2011},
  publisher={{Cambridge} {University} {Press}}
  isbn={978-0-521-19469-3}
}

@book{1981-computer-arithmetic,
  title={Computer arithmetic in theory and practice},
  series={{Computer} {Science} and {Applied} {Mathematics}},
  author={Kulisch, Ulrich W and Miranker, Willard L},
  year={1981},
  publisher={{Academic} {Press}, {Inc.}},
  isbn={0-12-428650-X}
}
